<?xml version="1.0" encoding="UTF-8"?>
<collection xmlns:xsi="http://www.w3.org/2001/XMLSchema-instance" xsi:schemaLocation="http://www.loc.gov/MARC21/slim http://www.loc.gov/standards/marcxml/schema/MARC21slim.xsd" xmlns="http://www.loc.gov/MARC21/slim">
<record>
  <leader>00987cam a2200241 u 4500</leader>
  <controlfield tag="001">650876</controlfield>
  <controlfield tag="003">NNC</controlfield>
  <controlfield tag="005">20100307234017.0</controlfield>
  <controlfield tag="008">880520m19321934ua |||||||||||||||||ara||</controlfield>
  <datafield tag="035" ind1=" " ind2=" ">
    <subfield code="a">(OCoLC)506418413</subfield>
  </datafield>
  <datafield tag="035" ind1=" " ind2=" ">
    <subfield code="a">(OCoLC)ocn506418413</subfield>
  </datafield>
  <datafield tag="035" ind1=" " ind2=" ">
    <subfield code="a">(CStRLIN)NYCG88-B36500</subfield>
  </datafield>
  <datafield tag="035" ind1=" " ind2=" ">
    <subfield code="9">ACV8121CU</subfield>
  </datafield>
  <datafield tag="035" ind1=" " ind2=" ">
    <subfield code="a">(NNC)650876</subfield>
  </datafield>
  <datafield tag="100" ind1="2" ind2="0">
    <subfield code="a">Qārī al-Harawī, ʻAlī ibn Sulṭān Muḥammad,</subfield>
    <subfield code="d">d. 1605 or 6.</subfield>
  </datafield>
  <datafield tag="245" ind1="1" ind2="0">
    <subfield code="a">Sharḥ ʻAyn al-ʻilm wa-zayn al-ḥilm /</subfield>
    <subfield code="c">lil-Imām Nūr al-Dīn Munlā [sic] ʻAlī ibn Sulṭān Muḥammad al-Harawī, al-maʻrūf bi-al-Qārī.</subfield>
  </datafield>
  <datafield tag="260" ind1="0" ind2=" ">
    <subfield code="a">Misr :</subfield>
    <subfield code="b">Idarat al-Tibaʻah al-Muniriyah,</subfield>
    <subfield code="c">1351-1353h [i.e. 1932 or3-1934]</subfield>
  </datafield>
  <datafield tag="300" ind1=" " ind2=" ">
    <subfield code="a">2 v.</subfield>
  </datafield>
  <datafield tag="500" ind1=" " ind2=" ">
    <subfield code="a">Vocalized text.</subfield>
  </datafield>
  <datafield tag="600" ind1="1" ind2="0">
    <subfield code="a">Balkhī, Muḥammad ibn ʻUthmān,</subfield>
    <subfield code="d">14th cent.</subfield>
    <subfield code="t">ʻAyn al-ʻilm.</subfield>
  </datafield>
  <datafield tag="650" ind1=" " ind2="0">
    <subfield code="a">Sufism</subfield>
    <subfield code="x">Early works to 1800.</subfield>
  </datafield>
  <datafield tag="650" ind1=" " ind2="0">
    <subfield code="a">Mysticism</subfield>
    <subfield code="x">Islam</subfield>
    <subfield code="x">Early works to 1800.</subfield>
  </datafield>
  <datafield tag="700" ind1="1" ind2="2">
    <subfield code="a">Balkhī, Muḥammad ibn ʻUthmān,</subfield>
    <subfield code="d">14th cent.</subfield>
    <subfield code="t">ʻAyn al-ʻilm.</subfield>
    <subfield code="f">1970.</subfield>
  </datafield>
  <datafield tag="955" ind1=" " ind2=" ">
    <subfield code="b">CU59577754</subfield>
    <subfield code="d">off,glx</subfield>
    <subfield code="e">ME06815</subfield>
    <subfield code="v">v.1</subfield>
  </datafield>
</record>
</collection>